@book{Breuer2013,
author="Breuer, Georg
and Fichtner, Andreas",
editor="St.Pierre, Michael
and Breuer, Georg",
title="Lernen im Vollzug: Der Erwerb praktischer Fertigkeiten",
bookTitle="Simulation in der Medizin: Grundlegende Konzepte -- Klinische Anwendung",
year="2013",
publisher="Springer Berlin Heidelberg",
address="Berlin, Heidelberg",
isbn="978-3-642-29436-5",
doi="10.1007/978-3-642-29436-5_6",
url="https://doi.org/10.1007/978-3-642-29436-5_6"
}


@book{american2016phys21,
  title={Phys21: Preparing Physics Students for 21st-Century Careers},
  author={American Physical Society and American Association of Physics Teachers},
  isbn={9780998252995},
  url={https://books.google.ie/books?id=6Mh7vgAACAAJ},
  year={2016},
  publisher={American Physical Society}
}

@misc{WinNT,
  title = {{CERN Courier Viewpoint:} Birth of the high-energy network.},
  howpublished = {\url{http://cerncourier.com/cws/article/cern/68436}},
  note = {Accessed: 2017-12-27}
}



